@misc{Wikipedia_User_Story,
	author = {Wikipedia},
	url = {http://en.wikipedia.org/wiki/User_story},
	title = {User story},
	year = {2012}
}
@misc{Pflichtenheft,
	author = {Sebastian Kumminger and Tobias Himmer and Fabian Schneider},
	title = {Pflichtenheft Elektronische Betreuungsplanung},
	year = {2011}
}
@book {Entwurfsmuster,
	author = {Gamma, Erich},
	title = {Design patterns: elements of reusable object-oriented software},
	address = {Boston, Mass. ; Munich [u.a.]},
	year = {2007},
	publisher = {Addison-Wesley},
	pages = {XV, 395 S.},
	URL = {http://www.gbv.de/dms/ilmenau/toc/547974086.PDF},
	edition = {34. print.},
	ISBN = {0-201-63361-2},
	ISBN = {978-0-201-63361-0},	
}
@misc{QxOrm_Tutorial,
	url = {http://www.qxorm.com/qxorm_en/tutorial.html},
	title = {{QxOrm Tutorial}},
	year = {2012}
}
@misc{ODB_Manual,
	url = {http://www.codesynthesis.com/products/odb/doc/manual.xhtml},
	title = {{ODB Manual}},
	year = {2012}
}
@Book{QT4,
	title = {Qt 4: Einf√ºhrung in die Applikationsentwicklung},
	author = {Daniel Molkentin},
	year = {2006},
	publisher = {Open Source Press}
}
